@book{b1,
author = "Nikolaos Yialelis",
title = "Domain-Based Security forDistributed Object Systems",
year = "1996"
}


@book{b2,
author = {Eric Evans},
title = {Domain Driven Design},
date = {date},
year = {2002},
}